@article{Harvey2002,
  doi = {10.1053/crad.2001.0918},
  year = {2002},
  month = mar,
  publisher = {Elsevier {BV}},
  volume = {57},
  number = {3},
  pages = {157--177},
  author = {Christopher J. Harvey and James M. Pilcher and Robert J. Eckersley and Martin J.K. Blomley and David O. Cosgrove},
  title = {Advances in Ultrasound},
  journal = {Clinical Radiology}
}

@article{savitzky,
author = {Savitzky, Abraham. and Golay, M. J. E.},
title = {Smoothing and Differentiation of Data by Simplified Least Squares Procedures.},
journal = {Analytical Chemistry},
volume = {36},
number = {8},
pages = {1627-1639},
year = {1964},
doi = {10.1021/ac60214a047},
}
